@misc{d3,
	author = "Mike Bostock",
	title = {Stacked Area Chart},
	year = 2016,
	howpublished = {https://bl.ocks.org/mbostock/3885211},
}